%\cite{KATRIN:2021uub}
\bibitem{KATRIN:2021uub}
M.~Aker \textit{et al.} [KATRIN],
%``Direct neutrino-mass measurement with sub-electronvolt sensitivity,''
Nature Phys. \textbf{18} (2022) no.2, 160-166
doi:10.1038/s41567-021-01463-1
[arXiv:2105.08533 [hep-ex]].
%233 citations counted in INSPIRE as of 07 Mar 2023

%%%%%%%%%%%%%%%%%%%%%%%%%%%%%%%%%%%%%%%%%%
@article{Euclid:2021icp,
    author = "Scaramella, R. and others",
    collaboration = "Euclid",
    title = "{Euclid preparation - I. The Euclid Wide Survey}",
    eprint = "2108.01201",
    archivePrefix = "arXiv",
    primaryClass = "astro-ph.CO",
    doi = "10.1051/0004-6361/202141938",
    journal = "Astron. Astrophys.",
    volume = "662",
    pages = "A112",
    year = "2022"
}

@article{Kirby:2019mrb,
    author = "Kirby, Matthew and Rozo, Eduardo and Morris, R. Glenn and Allen, Steven W. and Costanzi, Matteo and Jeltema, Tesla E. and Mantz, Adam B. and Romer, A. Kathy and Rykoff, E. S. and von der Linden, Anja",
    title = "{Improved Cosmological Constraints from SDSS redMaPPer Clusters via X-ray Follow-up of a Complete Subsample of Systems}",
    eprint = "1910.13548",
    archivePrefix = "arXiv",
    primaryClass = "astro-ph.CO",
    month = "10",
    year = "2019"
}


@article{Lesci:2020qpk,
    author = "Lesci, G. F. and others",
    title = "{AMICO galaxy clusters in KiDS-DR3: Cosmological constraints from counts and stacked weak lensing}",
    eprint = "2012.12273",
    archivePrefix = "arXiv",
    primaryClass = "astro-ph.CO",
    doi = "10.1051/0004-6361/202040194",
    journal = "Astron. Astrophys.",
    volume = "659",
    pages = "A88",
    year = "2022"
}


@article{DES:2020cbm,
    author = "Costanzi, M. and others",
    collaboration = "DES, SPT",
    title = "{Cosmological constraints from DES Y1 cluster abundances and SPT multiwavelength data}",
    eprint = "2010.13800",
    archivePrefix = "arXiv",
    primaryClass = "astro-ph.CO",
    reportNumber = "FERMILAB-PUB-20-541-AD-AE-SCD, DES-2020-0588",
    doi = "10.1103/PhysRevD.103.043522",
    journal = "Phys. Rev. D",
    volume = "103",
    number = "4",
    pages = "043522",
    year = "2021"
}


@article{SPT:2018njh,
    author = "Bocquet, S. and others",
    collaboration = "SPT",
    title = "{Cluster Cosmology Constraints from the 2500 deg$^2$ SPT-SZ Survey: Inclusion of Weak Gravitational Lensing Data from Magellan and the Hubble Space Telescope}",
    eprint = "1812.01679",
    archivePrefix = "arXiv",
    primaryClass = "astro-ph.CO",
    reportNumber = "FERMILAB-PUB-18-692-AE",
    doi = "10.3847/1538-4357/ab1f10",
    journal = "Astrophys. J.",
    volume = "878",
    number = "1",
    pages = "55",
    year = "2019"
}


@INPROCEEDINGS{2005ASPC..339..140M,
   author = {{Mohr}, J.~J.},
    title = "{Cluster Survey Studies of the Dark Energy}",
booktitle = {Observing Dark Energy},
     year = 2005,
   series = {Astronomical Society of the Pacific Conference Series},
   volume = 339,
   eprint = {astro-ph/0408484},
   editor = {{Wolff}, S.~C. and {Lauer}, T.~R.},
    month = aug,
    pages = {140},
   adsurl = {http://adsabs.harvard.edu/abs/2005ASPC..339..140M},
  adsnote = {Provided by the SAO/NASA Astrophysics Data System}
}

@ARTICLE{2009ApJ...692.1060V,
   author = {{Vikhlinin}, A. and {Kravtsov}, A.~V. and {Burenin}, R.~A. and 
	{Ebeling}, H. and {Forman}, W.~R. and {Hornstrup}, A. and {Jones}, C. and 
	{Murray}, S.~S. and {Nagai}, D. and {Quintana}, H. and {Voevodkin}, A.
	},
    title = "{Chandra Cluster Cosmology Project III: Cosmological Parameter Constraints}",
  journal = {\apj},
archivePrefix = "arXiv",
   eprint = {0812.2720},
 keywords = {cosmological parameters, cosmology: observations, galaxies: clusters: general, dark matter, surveys},
     year = 2009,
    month = feb,
   volume = 692,
    pages = {1060-1074},
      doi = {10.1088/0004-637X/692/2/1060},
   adsurl = {http://adsabs.harvard.edu/abs/2009ApJ...692.1060V},
  adsnote = {Provided by the SAO/NASA Astrophysics Data System}
}

@article{Allen:2011zs,
    author = "Allen, Steven W. and Evrard, August E. and Mantz, Adam B.",
    title = "{Cosmological Parameters from Observations of Galaxy Clusters}",
    eprint = "1103.4829",
    archivePrefix = "arXiv",
    primaryClass = "astro-ph.CO",
    doi = "10.1146/annurev-astro-081710-102514",
    journal = "Ann. Rev. Astron. Astrophys.",
    volume = "49",
    pages = "409--470",
    year = "2011"
}

@article{Kravtsov:2012zs,
    author = "Kravtsov, Andrey and Borgani, Stefano",
    title = "{Formation of Galaxy Clusters}",
    eprint = "1205.5556",
    archivePrefix = "arXiv",
    primaryClass = "astro-ph.CO",
    doi = "10.1146/annurev-astro-081811-125502",
    journal = "Ann. Rev. Astron. Astrophys.",
    volume = "50",
    pages = "353--409",
    year = "2012"
}



@ARTICLE{2022Univ....8..284S,
       author = {{Sakr}, Ziad},
        title = "{A Short Review on the Latest Neutrinos Mass and Number Constraints from Cosmological Observables}",
      journal = {Universe},
         year = 2022,
        month = may,
       volume = {8},
       number = {5},
        pages = {284},
          doi = {10.3390/universe8050284},
       adsurl = {https://ui.adsabs.harvard.edu/abs/2022Univ....8..284S},
      adsnote = {Provided by the SAO/NASA Astrophysics Data System}
}

@ARTICLE{1979ApJ...228..939C,
       author = {{Cash}, W.},
        title = "{Parameter estimation in astronomy through application of the likelihood ratio.}",
      journal = {\apj},
     keywords = {Astronomical Models, Data Processing, Parameterization, Statistical Analysis, Confidence Limits, Data Sampling, Galactic Clusters, Normal Density Functions, Photons, X Ray Telescopes, Astronomy, Mathematics, Computing, Data Processing},
         year = 1979,
        month = mar,
       volume = {228},
        pages = {939-947},
          doi = {10.1086/156922},
       adsurl = {https://ui.adsabs.harvard.edu/abs/1979ApJ...228..939C},
      adsnote = {Provided by the SAO/NASA Astrophysics Data System}
}


@ARTICLE{2016MNRAS.459.1764S,
       author = {{Sartoris}, B. and {Biviano}, A. and {Fedeli}, C. and {Bartlett}, J.~G. and {Borgani}, S. and {Costanzi}, M. and {Giocoli}, C. and {Moscardini}, L. and {Weller}, J. and {Ascaso}, B. and {Bardelli}, S. and {Maurogordato}, S. and {Viana}, P.~T.~P.},
        title = "{Next generation cosmology: constraints from the Euclid galaxy cluster survey}",
      journal = {\mnras},
     keywords = {galaxies: clusters: general, cosmological parameters, cosmology: theory, dark energy, large-scale structure of Universe, Astrophysics - Cosmology and Nongalactic Astrophysics},
         year = 2016,
        month = jun,
       volume = {459},
       number = {2},
        pages = {1764-1780},
          doi = {10.1093/mnras/stw630},
archivePrefix = {arXiv},
       eprint = {1505.02165},
 primaryClass = {astro-ph.CO},
       adsurl = {https://ui.adsabs.harvard.edu/abs/2016MNRAS.459.1764S},
      adsnote = {Provided by the SAO/NASA Astrophysics Data System}
}

@ARTICLE{Costanzi2013,
   author = {{Costanzi}, M. and {Villaescusa-Navarro}, F. and {Viel}, M. and 
	{Xia}, J.-Q. and {Borgani}, S. and {Castorina}, E. and {Sefusatti}, E.
	},
    title = "{Cosmology with massive neutrinos III: the halo mass function and an application to galaxy clusters}",
  journal = {JCAP},
archivePrefix = "arXiv",
   eprint = {1311.1514},
 primaryClass = "astro-ph.CO",
     year = 2013,
    month = dec,
   volume = 12,
      eid = {012},
    pages = {012},
      doi = {10.1088/1475-7516/2013/12/012},
   adsurl = {http://adsabs.harvard.edu/abs/2013JCAP...12..012C},
  adsnote = {Provided by the SAO/NASA Astrophysics Data System}
}

@article{Euclid:2022dbc,
    author = "{Euclid Collaboration: Castro}, T. and others",
    collaboration = "Euclid",
    title = "{Euclid preparation - XXIV. Calibration of the halo mass function in \ensuremath{\Lambda}(\ensuremath{\nu})CDM cosmologies}",
    eprint = "2208.02174",
    archivePrefix = "arXiv",
    primaryClass = "astro-ph.CO",
    doi = "10.1051/0004-6361/202244674",
    journal = "Astron. Astrophys.",
    volume = "671",
    pages = "A100",
    year = "2023"
}

@article{Weinberg:2002rd,
    author = "Weinberg, Nevin N. and Kamionkowski, Marc",
    title = "{Constraining dark energy from the abundance of weak gravitational lenses}",
    eprint = "astro-ph/0210134",
    archivePrefix = "arXiv",
    doi = "10.1046/j.1365-8711.2003.06421.x",
    journal = "MNRAS",
    volume = "341",
    pages = "251",
    year = "2003"
}

%%%%%%%%%%%%%%%%%%%%%%%%%%%%%%%%%
%biblio from MP paper
@article{Carron:2012pw,
    author = "Carron, Julien",
    title = "{On the assumption of Gaussianity for cosmological two-point statistics and parameter dependent covariance matrices}",
    eprint = "1204.4724",
    archivePrefix = "arXiv",
    primaryClass = "astro-ph.CO",
    doi = "10.1051/0004-6361/201220538",
    journal = "A\&A",
    volume = "551",
    pages = "A88",
    year = "2013"
}

@article{Lewis:2019xzd,
    author = "Lewis, Antony",
    title = "{GetDist: a Python package for analysing Monte Carlo samples}",
    eprint = "1910.13970",
    archivePrefix = "arXiv",
    primaryClass = "astro-ph.IM",
    month = "10",
    year = "2019",
    journal = ""
}

@ARTICLE{2020SciPy-NMeth,
  author  = {Virtanen, Pauli and Gommers, Ralf and Oliphant, Travis E. and
            Haberland, Matt and Reddy, Tyler and Cournapeau, David and
            Burovski, Evgeni and Peterson, Pearu and Weckesser, Warren and
            Bright, Jonathan and {van der Walt}, St{\'e}fan J. and
            Brett, Matthew and Wilson, Joshua and Millman, K. Jarrod and
            Mayorov, Nikolay and Nelson, Andrew R. J. and Jones, Eric and
            Kern, Robert and Larson, Eric and Carey, C J and
            Polat, {\.I}lhan and Feng, Yu and Moore, Eric W. and
            {VanderPlas}, Jake and Laxalde, Denis and Perktold, Josef and
            Cimrman, Robert and Henriksen, Ian and Quintero, E. A. and
            Harris, Charles R. and Archibald, Anne M. and
            Ribeiro, Ant{\^o}nio H. and Pedregosa, Fabian and
            {van Mulbregt}, Paul and {SciPy 1.0 Contributors}},
  title   = {{{SciPy} 1.0: Fundamental Algorithms for Scientific
            Computing in Python}},
  journal = {Nature Methods},
  year    = {2020},
  volume  = {17},
  pages   = {261--272},
  adsurl  = {https://rdcu.be/b08Wh},
  doi     = {10.1038/s41592-019-0686-2},
}


@article{Camera:2016owj,
    author = "Camera, Stefano and Harrison, Ian and Bonaldi, Anna and Brown, Michael L.",
    title = "{SKA weak lensing \textendash{} III. Added value of multiwavelength synergies for the mitigation of systematics}",
    eprint = "1606.03451",
    archivePrefix = "arXiv",
    primaryClass = "astro-ph.CO",
    doi = "10.1093/mnras/stw2688",
    journal = "MNRAS",
    volume = "464",
    number = "4",
    pages = "4747--4760",
    year = "2017"
}

@article{Euclid:2022oea,
    author = "Naidoo, K. and others",
    collaboration = "Euclid",
    title = "{Euclid: Calibrating photometric redshifts with spectroscopic cross-correlations}",
    eprint = "2208.10503",
    archivePrefix = "arXiv",
    primaryClass = "astro-ph.CO",
    month = "8",
    year = "2022"
}

@article{vandenBusch:2020lur,
    author = "van den Busch, J. L. and Hildebrandt, H. and Wright, A. H. and Morrison, C. B. and Blake, C. and Joachimi, B. and Erben, T. and Heymans, C. and Kuijken, K. and Taylor, E. N.",
    title = "{Testing KiDS cross-correlation redshifts with simulations}",
    eprint = "2007.01846",
    archivePrefix = "arXiv",
    primaryClass = "astro-ph.CO",
    doi = "10.1051/0004-6361/202038835",
    journal = "A\&A",
    volume = "642",
    pages = "A200",
    year = "2020"
}

@ARTICLE{numpy:5725236,  author={van der Walt, Stefan and Colbert,
  S. Chris and Varoquaux, Gael}, 
 journal={Computing in Science \& Engineering},  
  title={The NumPy Array: A Structure for Efficient Numerical Computation},
     year={2011},  volume={13},  number={2},  pages={22-30}, 
      doi={10.1109/MCSE.2011.37}}


    @article{Audren:2012vy,
    author = "Audren, Benjamin and Lesgourgues, Julien and Bird, Simeon and Haehnelt, Martin G. and Viel, Matteo",
    title = "{Neutrino masses and cosmological parameters from a Euclid-like survey: Markov Chain Monte Carlo forecasts including theoretical errors}",
    eprint = "1210.2194",
    archivePrefix = "arXiv",
    primaryClass = "astro-ph.CO",
    reportNumber = "CERN-PH-TH-2012-261, LAPTH-046-12",
    doi = "10.1088/1475-7516/2013/01/026",
    journal = "JCAP",
    volume = "01",
    pages = "026",
    year = "2013"
}

    @article{Sprenger:2018tdb,
    author = "Sprenger, Tim and Archidiacono, Maria and Brinckmann, Thejs and Clesse, Sébastien and Lesgourgues, Julien",
    title = "{Cosmology in the era of Euclid and the Square Kilometre Array}",
    eprint = "1801.08331",
    archivePrefix = "arXiv",
    primaryClass = "astro-ph.CO",
    reportNumber = "TTK-18-04, CP3-18-06",
    doi = "10.1088/1475-7516/2019/02/047",
    journal = "JCAP",
    volume = "02",
    pages = "047",
    year = "2019"
}

@article{Lesgourgues:2011rg,
    author = "Lesgourgues, Julien",
    title = "{The Cosmic Linear Anisotropy Solving System (CLASS) III: Comparision with CAMB for LambdaCDM}",
    eprint = "1104.2934",
    archivePrefix = "arXiv",
    primaryClass = "astro-ph.CO",
    reportNumber = "CERN-PH-TH-2011-083, LAPTH-011-11",
    month = "4",
    year = "2011"
}

@article{Lewis:1999bs,
    author = "Lewis, Antony and Challinor, Anthony and Lasenby, Anthony",
    title = "{Efficient computation of CMB anisotropies in closed FRW models}",
    eprint = "astro-ph/9911177",
    archivePrefix = "arXiv",
    doi = "10.1086/309179",
    journal = "ApJ",
    volume = "538",
    pages = "473--476",
    year = "2000"
}

@article{Lesgourgues:2011re,
    author = "Lesgourgues, Julien",
    title = "{The Cosmic Linear Anisotropy Solving System (CLASS) I: Overview}",
    eprint = "1104.2932",
    archivePrefix = "arXiv",
    primaryClass = "astro-ph.IM",
    month = "4",
    year = "2011"
}

@article{Brinckmann:2018owf,
    author = "Brinckmann, Thejs and Hooper, Deanna C. and Archidiacono, Maria and Lesgourgues, Julien and Sprenger, Tim",
    title = "{The promising future of a robust cosmological neutrino mass measurement}",
    eprint = "1808.05955",
    archivePrefix = "arXiv",
    primaryClass = "astro-ph.CO",
    reportNumber = "TTK-18-29",
    doi = "10.1088/1475-7516/2019/01/059",
    journal = "JCAP",
    volume = "01",
    pages = "059",
    year = "2019"
}

@article{Audren:2012wb,
    author = "Audren, Benjamin and Lesgourgues, Julien and Benabed, Karim and Prunet, Simon",
    title = "{Conservative Constraints on Early Cosmology: an illustration of the Monte Python cosmological parameter inference code}",
    eprint = "1210.7183",
    archivePrefix = "arXiv",
    primaryClass = "astro-ph.CO",
    reportNumber = "CERN-PH-TH-2012-290, LAPTH-048-12",
    doi = "10.1088/1475-7516/2013/02/001",
    journal = "JCAP",
    volume = "02",
    pages = "001",
    year = "2013"
}

@article{Brinckmann:2018cvx,
    author = "Brinckmann, Thejs and Lesgourgues, Julien",
    title = "{MontePython 3: boosted MCMC sampler and other features}",
    eprint = "1804.07261",
    archivePrefix = "arXiv",
    primaryClass = "astro-ph.CO",
    reportNumber = "TTK-18-15",
    doi = "10.1016/j.dark.2018.100260",
    journal = "Phys. Dark Univ.",
    volume = "24",
    pages = "100260",
    year = "2019"
}

@article{Chevallier:2000qy,
    author = "Chevallier, Michel and Polarski, David",
    title = "{Accelerating universes with scaling dark matter}",
    eprint = "gr-qc/0009008",
    archivePrefix = "arXiv",
    doi = "10.1142/S0218271801000822",
    journal = "Int. J. Mod. Phys. D",
    volume = "10",
    pages = "213--224",
    year = "2001"
}

@article{Linder:2002et,
    author = "Linder, Eric V.",
    title = "{Exploring the expansion history of the universe}",
    eprint = "astro-ph/0208512",
    archivePrefix = "arXiv",
    doi = "10.1103/PhysRevLett.90.091301",
    journal = "Phys. Rev. Lett.",
    volume = "90",
    pages = "091301",
    year = "2003"
}



@article{Takahashi:2019hth,
    author = "Takahashi, Ryuichi and Nishimichi, Takahiro and Namikawa, Toshiya and Taruya, Atsushi and Kayo, Issha and Osato, Ken and Kobayashi, Yosuke and Shirasaki, Masato",
    title = "{Fitting the nonlinear matter bispectrum by the Halofit approach}",
    eprint = "1911.07886",
    archivePrefix = "arXiv",
    primaryClass = "astro-ph.CO",
    reportNumber = "YITP-19-103",
    doi = "10.3847/1538-4357/ab908d",
    journal = "ApJ",
    volume = "895",
    number = "2",
    pages = "113",
    year = "2020"
}

@article{Raveri:2016leq,
    author = "Raveri, Marco and Martinelli, Matteo and Zhao, Gongbo and Wang, Yuting",
    title = "{CosmicFish Implementation Notes V1.0}",
    eprint = "1606.06268",
    archivePrefix = "arXiv",
    primaryClass = "astro-ph.CO",
    month = "6",
    year = "2016"
}


@article{Euclid:2021osj,
    author = "Pocino, A. and others",
    collaboration = "Euclid",
    title = "{Euclid preparation - XII. Optimizing the photometric sample of the Euclid survey for galaxy clustering and galaxy-galaxy lensing analyses}",
    eprint = "2104.05698",
    archivePrefix = "arXiv",
    primaryClass = "astro-ph.CO",
    doi = "10.1051/0004-6361/202141061",
    journal = "A\&A",
    volume = "655",
    pages = "A44",
    year = "2021"
}

@article{2dFGRS:2004cmo,
    author = "Percival, Will J. and others",
    collaboration = "2dFGRS",
    title = "{The 2dF Galaxy Redshift Survey: Spherical harmonics analysis of fluctuations in the final catalogue}",
    eprint = "astro-ph/0406513",
    archivePrefix = "arXiv",
    doi = "10.1111/j.1365-2966.2004.08146.x",
    journal = "MNRAS",
    volume = "353",
    pages = "1201",
    year = "2004"
}

@article{Holder:2001db,
    author = "Holder, Gilbert and Haiman, Zoltan and Mohr, Joseph",
    title = "{Constraints on omega\_m, omega\_l, and sigma\_8, from galaxy cluster redshift distributions}",
    eprint = "astro-ph/0105396",
    archivePrefix = "arXiv",
    doi = "10.1086/324309",
    journal = "Astrophys. J. Lett.",
    volume = "560",
    pages = "L111--L114",
    year = "2001"
}

@ARTICLE{Bonamente:2019efn,
       author = {{Bonamente}, Massimiliano},
        title = "{Distribution of the C statistic with applications to the sample mean of Poisson data}",
      journal = {Journal of Applied Statistics},
     keywords = {Earth Science, Astrophysics - High Energy Astrophysical Phenomena, Astrophysics - Instrumentation and Methods for Astrophysics},
         year = 2020,
        month = aug,
       volume = {47},
       number = {11},
        pages = {2044-2065},
          doi = {10.1080/02664763.2019.1704703},
archivePrefix = {arXiv},
       eprint = {1912.05444},
 primaryClass = {astro-ph.HE},
       adsurl = {https://ui.adsabs.harvard.edu/abs/2020JApSt..47.2044B}
}

@article{Bridle:2007ft,
    author = "Bridle, Sarah and King, Lindsay",
    title = "{Dark energy constraints from cosmic shear power spectra: impact of intrinsic alignments on photometric redshift requirements}",
    eprint = "0705.0166",
    archivePrefix = "arXiv",
    primaryClass = "astro-ph",
    doi = "10.1088/1367-2630/9/12/444",
    journal = "New J. Phys.",
    volume = "9",
    pages = "444",
    year = "2007"
}


@article{Mangano:2001iu,
    author = "Mangano, G. and Miele, G. and Pastor, S. and Peloso, M.",
    title = "{A Precision calculation of the effective number of cosmological neutrinos}",
    eprint = "astro-ph/0111408",
    archivePrefix = "arXiv",
    reportNumber = "DSF-37-2001, MPI-PHT-2001-51",
    doi = "10.1016/S0370-2693(02)01622-2",
    journal = "Phys. Lett. B",
    volume = "534",
    pages = "8--16",
    year = "2002"
}

@inproceedings{Dvorkin:2022jyg,
    author = "Dvorkin, Cora and others",
    title = "{The Physics of Light Relics}",
    booktitle = "{Snowmass 2021}",
    eprint = "2203.07943",
    archivePrefix = "arXiv",
    primaryClass = "hep-ph",
    month = "3",
    year = "2022"
}

@article{Dasgupta:2021ies,
    author = "Dasgupta, Basudeb and Kopp, Joachim",
    title = "{Sterile Neutrinos}",
    eprint = "2106.05913",
    archivePrefix = "arXiv",
    primaryClass = "hep-ph",
    doi = "10.1016/j.physrep.2021.06.002",
    journal = "Phys. Rept.",
    volume = "928",
    pages = "1--63",
    year = "2021"
}

@article{ParticleDataGroup:2018ovx,
    author = "Tanabashi, M. and others",
    collaboration = "Particle Data Group",
    title = "{Review of Particle Physics}",
    doi = "10.1103/PhysRevD.98.030001",
    journal = "Phys. Rev. D",
    volume = "98",
    number = "3",
    pages = "030001",
    year = "2018"
}

@article{Vagnozzi:2018pwo,
    author = "Vagnozzi, Sunny and Brinckmann, Thejs and Archidiacono, Maria and Freese, Katherine and Gerbino, Martina and Lesgourgues, Julien and Sprenger, Tim",
    title = "{Bias due to neutrinos must not uncorrect'd go}",
    eprint = "1807.04672",
    archivePrefix = "arXiv",
    primaryClass = "astro-ph.CO",
    reportNumber = "LCTP-18-18,NORDITA-2018-053,TTK-18-24, LCTP-18-18, NORDITA-2018-053, TTK-18-24",
    doi = "10.1088/1475-7516/2018/09/001",
    journal = "JCAP",
    volume = "09",
    pages = "001",
    year = "2018"
}

@article{Mangano:2005cc,
    author = "Mangano, Gianpiero and Miele, Gennaro and Pastor, Sergio and Pinto, Teguayco and Pisanti, Ofelia and Serpico, Pasquale D.",
    title = "{Relic neutrino decoupling including flavor oscillations}",
    eprint = "hep-ph/0506164",
    archivePrefix = "arXiv",
    reportNumber = "DSF-16-2005, IFIC-05-17, MPP-2005-36",
    doi = "10.1016/j.nuclphysb.2005.09.041",
    journal = "Nucl. Phys. B",
    volume = "729",
    pages = "221--234",
    year = "2005"
}

@article{Bernal:2021ylz,
    author = "Bernal, Jos\'e Luis and Caputo, Andrea and Villaescusa-Navarro, Francisco and Kamionkowski, Marc",
    title = "{Searching for the Radiative Decay of the Cosmic Neutrino Background with Line-Intensity Mapping}",
    eprint = "2103.12099",
    archivePrefix = "arXiv",
    primaryClass = "hep-ph",
    doi = "10.1103/PhysRevLett.127.131102",
    journal = "Phys. Rev. Lett.",
    volume = "127",
    number = "13",
    pages = "131102",
    year = "2021"
}

@article{KATRIN:2021uub,
    author = "Aker, M. and others",
    collaboration = "KATRIN",
    title = "{Direct neutrino-mass measurement with sub-electronvolt sensitivity}",
    eprint = "2105.08533",
    archivePrefix = "arXiv",
    primaryClass = "hep-ex",
    doi = "10.1038/s41567-021-01463-1",
    journal = "Nature Phys.",
    volume = "18",
    number = "2",
    pages = "160--166",
    year = "2022"
}

@article{Esteban:2020cvm,
    author = "Esteban, Ivan and Gonzalez-Garcia, M. C. and Maltoni, Michele and Schwetz, Thomas and Zhou, Albert",
    title = "{The fate of hints: updated global analysis of three-flavor neutrino oscillations}",
    eprint = "2007.14792",
    archivePrefix = "arXiv",
    primaryClass = "hep-ph",
    reportNumber = "IFT-UAM/CSIC-112, YITP-SB-2020-21",
    doi = "10.1007/JHEP09(2020)178",
    journal = "JHEP",
    volume = "09",
    pages = "178",
    year = "2020"
}

@inproceedings{Project8:2022wqh,
    author = "Esfahani, A. Ashtari and others",
    collaboration = "Project 8",
    title = "{The Project 8 Neutrino Mass Experiment}",
    booktitle = "{2022 Snowmass Summer Study}",
    eprint = "2203.07349",
    archivePrefix = "arXiv",
    primaryClass = "nucl-ex",
    month = "3",
    year = "2022"
}

@article{Cirigliano:2022oqy,
    author = "Cirigliano, Vincenzo and others",
    title = "{Neutrinoless Double-Beta Decay: A Roadmap for Matching Theory to Experiment}",
    eprint = "2203.12169",
    archivePrefix = "arXiv",
    primaryClass = "hep-ph",
    reportNumber = "LA-UR-22-22587",
    month = "3",
    year = "2022"
}

@article{Planck:2018vyg,
    author = "Aghanim, N. and others",
    collaboration = "Planck",
    title = "{Planck 2018 results. VI. Cosmological parameters}",
    eprint = "1807.06209",
    archivePrefix = "arXiv",
    primaryClass = "astro-ph.CO",
    doi = "10.1051/0004-6361/201833910",
    journal = "Astron. Astrophys.",
    volume = "641",
    pages = "A6",
    year = "2020",
    note = "[Erratum: Astron.Astrophys. 652, C4 (2021)]"
}

@article{Palanque-Delabrouille:2019iyz,
    author = {Palanque-Delabrouille, Nathalie and Y\`eche, Christophe and Sch\"oneberg, Nils and Lesgourgues, Julien and Walther, Michael and Chabanier, Sol\`ene and Armengaud, Eric},
    title = "{Hints, neutrino bounds and WDM constraints from SDSS DR14 Lyman-$\alpha$ and Planck full-survey data}",
    eprint = "1911.09073",
    archivePrefix = "arXiv",
    primaryClass = "astro-ph.CO",
    doi = "10.1088/1475-7516/2020/04/038",
    journal = "JCAP",
    volume = "04",
    pages = "038",
    year = "2020"
}

@article{Lambiase:2018ows,
    author = "Lambiase, Gaetano and Mohanty, Subhendra and Narang, Ashish and Parashari, Priyank",
    title = "{Testing dark energy models in the light of $\sigma _8$ tension}",
    eprint = "1804.07154",
    archivePrefix = "arXiv",
    primaryClass = "astro-ph.CO",
    doi = "10.1140/epjc/s10052-019-6634-6",
    journal = "Eur. Phys. J. C",
    volume = "79",
    number = "2",
    pages = "141",
    year = "2019"
}

@article{Castorina:2013wga,
    author = "Castorina, Emanuele and Sefusatti, Emiliano and Sheth, Ravi K. and Villaescusa-Navarro, Francisco and Viel, Matteo",
    title = "{Cosmology with massive neutrinos II: on the universality of the halo mass function and bias}",
    eprint = "1311.1212",
    archivePrefix = "arXiv",
    primaryClass = "astro-ph.CO",
    doi = "10.1088/1475-7516/2014/02/049",
    journal = "JCAP",
    volume = "02",
    pages = "049",
    year = "2014"
}

%-----------------Added by Melita
@article{DEMNUni1,
    author = "Castorina, Emanuele and Carbone, Carmelita and Bel, Julien and Sefusatti, Emiliano and Dolag, Klaus",
    title = "{DEMNUni: The clustering of large-scale structures in the presence of massive neutrinos}",
    eprint = "1505.07148",
    archivePrefix = "arXiv",
    primaryClass = "astro-ph.CO",
    doi = "10.1088/1475-7516/2015/07/043",
    journal = "JCAP",
    volume = "07",
    pages = "043",
    year = "2015"
}

@ARTICLE{Carbone2012JCAP,
       author = {{Carbone}, Carmelita and {Fedeli}, Cosimo and {Moscardini}, Lauro and {Cimatti}, Andrea},
        title = "{Measuring the neutrino mass from future wide galaxy cluster catalogues}",
      journal = {JCAP},
     keywords = {Astrophysics - Cosmology and Extragalactic Astrophysics},
         year = 2012,
        month = mar,
       volume = {2012},
       number = {3},
          eid = {023},
        pages = {023},
          doi = {10.1088/1475-7516/2012/03/023},
archivePrefix = {arXiv},
       eprint = {1112.4810},
 primaryClass = {astro-ph.CO},
       adsurl = {https://ui.adsabs.harvard.edu/abs/2012JCAP...03..023C},
      adsnote = {Provided by the SAO/NASA Astrophysics Data System}
}



%--------------------
@article{Rossi:2014nea,
    author = "Rossi, Graziano and Y\`eche, Christophe and Palanque-Delabrouille, Nathalie and Lesgourgues, Julien",
    title = "{Constraints on dark radiation from cosmological probes}",
    eprint = "1412.6763",
    archivePrefix = "arXiv",
    primaryClass = "astro-ph.CO",
    reportNumber = "CERN-PH-TH-2014-267",
    doi = "10.1103/PhysRevD.92.063505",
    journal = "Phys. Rev. D",
    volume = "92",
    number = "6",
    pages = "063505",
    year = "2015"
}

@article{Ivanov:2019hqk,
    author = "Ivanov, Mikhail M. and Simonovi\'c, Marko and Zaldarriaga, Matias",
    title = "{Cosmological Parameters and Neutrino Masses from the Final Planck and Full-Shape BOSS Data}",
    eprint = "1912.08208",
    archivePrefix = "arXiv",
    primaryClass = "astro-ph.CO",
    reportNumber = "INR-TH-2019-023, CERN-TH-2019-217",
    doi = "10.1103/PhysRevD.101.083504",
    journal = "Phys. Rev. D",
    volume = "101",
    number = "8",
    pages = "083504",
    year = "2020"
}

@article{diValentino:2022njd,
    author = "di Valentino, Eleonora and Gariazzo, Stefano and Mena, Olga",
    title = "{Model marginalized constraints on neutrino properties from cosmology}",
    eprint = "2207.05167",
    archivePrefix = "arXiv",
    primaryClass = "astro-ph.CO",
    doi = "10.1103/PhysRevD.106.043540",
    journal = "Phys. Rev. D",
    volume = "106",
    number = "4",
    pages = "043540",
    year = "2022"
}

@Article{Akita:2020szl,
        author = "Akita, Kensuke and Yamaguchi, Masahide",
         title = "{A precision calculation of relic neutrino decoupling}",
       journal = "JCAP",
        volume = "08",
          year = "2020",
         pages = "012",
 archiveprefix = "arXiv",
  primaryclass = "hep-ph",
        eprint = "2005.07047",
           doi = "10.1088/1475-7516/2020/08/012",
}

@article{Archidiacono:2022ich,
    author = "Archidiacono, Maria and Gariazzo, Stefano",
    title = "{Two Sides of the Same Coin: Sterile Neutrinos and Dark Radiation, Status and Perspectives}",
    eprint = "2201.10319",
    archivePrefix = "arXiv",
    primaryClass = "hep-ph",
    doi = "10.3390/universe8030175",
    journal = "Universe",
    volume = "8",
    number = "3",
    pages = "175",
    year = "2022"
}

@article{Kawasaki:2013ae,
    author = "Kawasaki, Masahiro and Nakayama, Kazunori",
    title = "{Axions: Theory and Cosmological Role}",
    eprint = "1301.1123",
    archivePrefix = "arXiv",
    primaryClass = "hep-ph",
    reportNumber = "ICRR-REPORT-643-2012-32, IPMU13-0009, UT-13-01",
    doi = "10.1146/annurev-nucl-102212-170536",
    journal = "Ann. Rev. Nucl. Part. Sci.",
    volume = "63",
    pages = "69--95",
    year = "2013"
}

@article{Marsh:2015xka,
    author = "Marsh, David J. E.",
    title = "{Axion Cosmology}",
    eprint = "1510.07633",
    archivePrefix = "arXiv",
    primaryClass = "astro-ph.CO",
    reportNumber = "KCL-PH-TH-2015-50",
    doi = "10.1016/j.physrep.2016.06.005",
    journal = "Phys. Rept.",
    volume = "643",
    pages = "1--79",
    year = "2016"
}

@article{DiLuzio:2020wdo,
    author = "Di Luzio, Luca and Giannotti, Maurizio and Nardi, Enrico and Visinelli, Luca",
    title = "{The landscape of QCD axion models}",
    eprint = "2003.01100",
    archivePrefix = "arXiv",
    primaryClass = "hep-ph",
    reportNumber = "DESY 20-036, DESY-20-036",
    doi = "10.1016/j.physrep.2020.06.002",
    journal = "Phys. Rept.",
    volume = "870",
    pages = "1--117",
    year = "2020"
}

@INPROCEEDINGS{2022SPIE12180E..1KM,
       author = {{Maciaszek}, T. and {Ealet}, A. and {Gillard}, W. and {Jahnke}, K. and {Barbier}, R. and {Prieto}, E. and {Bon}, W. and {Bonnefoi}, A. and {Caillat}, A. and {Carle}, M. and {Costille}, A. and {Ducret}, F. and {Fabron}, C. and {Foulon}, B. and {Gimenez}, J. -L. and {Grassi}, E. and {Jaquet}, M. and {Le Mignant}, D. and {Martin}, L. and {Pamplona}, T. and {Sanchez}, P. and {Cl{\'e}mens}, J. -C. and {Caillat}, L. and {Niclas}, M. and {Secroun}, A. and {Kubik}, B. and {Ferriol}, S. and {Berthe}, M. and {Barri{\`e}re}, J. -C. and {Fontignie}, J. and {Valenziano}, L. and {Auricchio}, N. and {Battaglia}, P. and {De Rosa}, A. and {Farinelli}, R. and {Franceschi}, E. and {Medinaceli}, E. and {Morgante}, G. and {Sortino}, F. and {Trifoglio}, M. and {Corcione}, L. and {Capobianco}, V. and {Ligori}, S. and {Dusini}, S. and {Borsato}, E. and {Dal Corso}, F. and {Laudisio}, F. and {Sirignano}, C. and {Stanco}, L. and {Ventura}, S. and {Patrizii}, L. and {Chiarusi}, T. and {Fornari}, F. and {Giacomini}, F. and {Margiotta}, A. and {Mauri}, N. and {Pasqualini}, L. and {Sirri}, G. and {Spurio}, M. and {Tenti}, M. and {Travaglini}, R. and {Bonoli}, C. and {Bortoletto}, F. and {Balestra}, A. and {Dalessandro}, M. and {Grupp}, F. and {Penka}, D. and {Steinwagner}, J. and {Hormuth}, F. and {Schirmer}, M. and {Seidel}, G. and {Padilla}, C. and {Casas}, R. and {Lloro}, Y. and {Toledo-Moreo}, R. and {Gomez}, J. and {Colodro-Conde}, C. and {Liz{\'a}n}, D. and {Diaz}, J. -J. and {Lilje}, P. and {Andersen}, M.~I. and {Andersen}, J. and {S{\o}rensen}, A.~N. and {Hornstrup}, A. and {Jessen}, N.~C. and {Thizy}, C. and {Holmes}, W. and {Pniel}, M. and {Jhabvala}, M. and {Pravdo}, S. and {Seiffert}, M. and {Waczynski}, A. and {Laureij}, R.~J. and {Racca}, G. and {Salvignol}, J. -C. and {Boenke}, T. and {Strada}, P. and {Mellier}, Y.},
        title = "{Euclid near infrared spectrometer and photometer instrument flight model presentation, performance, and ground calibration results summary}",
     keywords = {Astrophysics - Instrumentation and Methods for Astrophysics},
    booktitle = {Space Telescopes and Instrumentation 2022: Optical, Infrared, and Millimeter Wave},
         year = 2022,
       editor = {{Coyle}, Laura E. and {Matsuura}, Shuji and {Perrin}, Marshall D.},
       series = {Society of Photo-Optical Instrumentation Engineers (SPIE) Conference Series},
       volume = {12180},
        month = aug,
          eid = {121801K},
        pages = {121801K},
          doi = {10.1117/12.2630338},
archivePrefix = {arXiv},
       eprint = {2210.10112},
 primaryClass = {astro-ph.IM},
       adsurl = {https://ui.adsabs.harvard.edu/abs/2022SPIE12180E..1KM},
      adsnote = {Provided by the SAO/NASA Astrophysics Data System}
}

@INPROCEEDINGS{2016SPIE.9904E..0QC,
       author = {{Cropper}, Mark and {Pottinger}, S. and {Niemi}, S. and {Azzollini}, R. and {Denniston}, J. and {Szafraniec}, M. and {Awan}, S. and {Mellier}, Y. and {Berthe}, M. and {Martignac}, J. and {Cara}, C. and {Di Giorgio}, A. -M. and {Sciortino}, A. and {Bozzo}, E. and {Genolet}, L. and {Cole}, R. and {Philippon}, A. and {Hailey}, M. and {Hunt}, T. and {Swindells}, I. and {Holland}, A. and {Gow}, J. and {Murray}, N. and {Hall}, D. and {Skottfelt}, J. and {Amiaux}, J. and {Laureijs}, R. and {Racca}, G. and {Salvignol}, J. -C. and {Short}, A. and {Lorenzo Alvarez}, J. and {Kitching}, T. and {Hoekstra}, H. and {Massey}, R. and {Israel}, H.},
        title = "{VIS: the visible imager for Euclid}",
     keywords = {Astrophysics - Instrumentation and Methods for Astrophysics},
    booktitle = {Space Telescopes and Instrumentation 2016: Optical, Infrared, and Millimeter Wave},
         year = 2016,
       editor = {{MacEwen}, Howard A. and {Fazio}, Giovanni G. and {Lystrup}, Makenzie and {Batalha}, Natalie and {Siegler}, Nicholas and {Tong}, Edward C.},
       series = {Society of Photo-Optical Instrumentation Engineers (SPIE) Conference Series},
       volume = {9904},
        month = jul,
          eid = {99040Q},
        pages = {99040Q},
          doi = {10.1117/12.2234739},
archivePrefix = {arXiv},
       eprint = {1608.08603},
 primaryClass = {astro-ph.IM},
       adsurl = {https://ui.adsabs.harvard.edu/abs/2016SPIE.9904E..0QC},
      adsnote = {Provided by the SAO/NASA Astrophysics Data System}
}


@article{EUCLID:2011zbd,
    author = "{Euclid Collaboration: Laureijs}, R. and others",
    collaboration = "EUCLID",
    title = "{Euclid Definition Study Report}",
    eprint = "1110.3193",
    archivePrefix = "arXiv",
    primaryClass = "astro-ph.CO",
    reportNumber = "ESA-SRE(2011)12",
    month = "10",
    year = "2011"
}

@article{Lesgourgues:2012uu,
      author         = "Lesgourgues, Julien and Pastor, Sergio",
      title          = "{Neutrino mass from Cosmology}",
      journal        = "Adv. High Energy Phys.",
      volume         = "2012",
      year           = "2012",
      pages          = "608515",
      doi            = "10.1155/2012/608515",
      eprint         = "1212.6154",
      archivePrefix  = "arXiv",
      primaryClass   = "hep-ph",
      SLACcitation   = "%%CITATION = ARXIV:1212.6154;%%"
}

@article{Bashinsky:2003tk,
    author = "Bashinsky, Sergei and Seljak, Uros",
    title = "{Neutrino perturbations in CMB anisotropy and matter clustering}",
    eprint = "astro-ph/0310198",
    archivePrefix = "arXiv",
    doi = "10.1103/PhysRevD.69.083002",
    journal = "Phys. Rev. D",
    volume = "69",
    pages = "083002",
    year = "2004"
}

@article{Euclid:2022qde,
    author = "{Euclid Collaboration: Adamek}, J. and others",
    collaboration = "Euclid",
    title = "{Euclid: Modelling massive neutrinos in cosmology \textendash{} a code comparison}",
    eprint = "2211.12457",
    archivePrefix = "arXiv",
    primaryClass = "astro-ph.CO",
    doi = "10.1088/1475-7516/2023/06/035",
    journal = "JCAP",
    volume = "06",
    pages = "035",
    year = "2023"
}

@article{Lesgourgues:2004ps,
    author = "Lesgourgues, Julien and Pastor, Sergio and Perotto, Laurence",
    title = "{Probing neutrino masses with future galaxy redshift surveys}",
    eprint = "hep-ph/0403296",
    archivePrefix = "arXiv",
    reportNumber = "LAPTH-1033-04, IFIC-04-11, PCC-0413",
    doi = "10.1103/PhysRevD.70.045016",
    journal = "Phys. Rev. D",
    volume = "70",
    pages = "045016",
    year = "2004"
}


@article{Lesgourgues:2006nd,
    author = "Lesgourgues, Julien and Pastor, Sergio",
    title = "{Massive neutrinos and cosmology}",
    eprint = "astro-ph/0603494",
    archivePrefix = "arXiv",
    reportNumber = "LAPTH-1131-05, IFIC-05-59",
    doi = "10.1016/j.physrep.2006.04.001",
    journal = "Phys. Rept.",
    volume = "429",
    pages = "307--379",
    year = "2006"
}

@article{Mead:2020vgs,
    author = {Mead, A J and Brieden, S and Tröster, T and Heymans, C},
    title = "{hmcode-2020: improved modelling of non-linear cosmological power spectra with baryonic feedback}",
    journal = {MNRAS},
    volume = {502},
    number = {1},
    pages = {1401-1422},
    year = {2021},
    month = {01},
    issn = {0035-8711},
    doi = {10.1093/mnras/stab082},
    url = {https://doi.org/10.1093/mnras/stab082},
    eprint = {https://academic.oup.com/mnras/article-pdf/502/1/1401/42438464/stab082.pdf},
}


@article{Carbone:2016nzj,
    author = "Carbone, Carmelita and Petkova, Margarita and Dolag, Klaus",
    title = "{DEMNUni: ISW, Rees-Sciama, and weak-lensing in the presence of massive neutrinos}",
    eprint = "1605.02024",
    archivePrefix = "arXiv",
    primaryClass = "astro-ph.CO",
    doi = "10.1088/1475-7516/2016/07/034",
    journal = "JCAP",
    volume = "07",
    pages = "034",
    year = "2016"
}

@article{Takahashi:2012em,
    author = "Takahashi, Ryuichi and Sato, Masanori and Nishimichi, Takahiro and Taruya, Atsushi and Oguri, Masamune",
    title = "{Revising the Halofit Model for the Nonlinear Matter Power Spectrum}",
    eprint = "1208.2701",
    archivePrefix = "arXiv",
    primaryClass = "astro-ph.CO",
    doi = "10.1088/0004-637X/761/2/152",
    journal = "Astrophys. J.",
    volume = "761",
    pages = "152",
    year = "2012"
}

@article{Bird:2011rb,
    author = "Bird, Simeon and Viel, Matteo and Haehnelt, Martin G.",
    title = "{Massive Neutrinos and the Non-linear Matter Power Spectrum}",
    eprint = "1109.4416",
    archivePrefix = "arXiv",
    primaryClass = "astro-ph.CO",
    doi = "10.1111/j.1365-2966.2011.20222.x",
    journal = "MNRAS",
    volume = "420",
    pages = "2551--2561",
    year = "2012"
}

@article{Euclid:2021qvm,
    author = "{Euclid Collaboration: Ili\'c}, S. and others",
    collaboration = "Euclid",
    title = "{Euclid preparation - XV. Forecasting cosmological constraints for the Euclid and CMB joint analysis}",
    eprint = "2106.08346",
    archivePrefix = "arXiv",
    primaryClass = "astro-ph.CO",
    doi = "10.1051/0004-6361/202141556",
    journal = "Astron. Astrophys.",
    volume = "657",
    pages = "A91",
    year = "2022"
}

@article{Raccanelli_2018,
	doi = {10.1093/mnras/sty2162},
  
	url = {https://doi.org/10.1093%2Fmnras%2Fsty2162},
  
	year = 2018,
	month = {aug},
  
	publisher = {Oxford University Press ({OUP})},
  
	volume = {483},
  
	number = {1},
  
	pages = {734--743},
  
	author = {Alvise Raccanelli and Licia Verde and Francisco Villaescusa-Navarro},
  
	title = {Biases from neutrino bias: to worry or not to worry?},
  
	journal = {Monthly Notices of the Royal Astronomical Society}
}

@book{lesgourgues_mangano_miele_pastor_2013, place={Cambridge}, title={Neutrino Cosmology}, DOI={10.1017/CBO9781139012874}, publisher={Cambridge University Press}, author={Lesgourgues, Julien and Mangano, Gianpiero and Miele, Gennaro and Pastor, Sergio}, year={2013}}

@ARTICLE{1974ApJ...187..425P,
       author = {{Press}, William H. and {Schechter}, Paul},
        title = "{Formation of Galaxies and Clusters of Galaxies by Self-Similar Gravitational Condensation}",
         year = 1974,
        month = feb,
       volume = {187},
        pages = {425-438},
          doi = {10.1086/152650},
       adsurl = {https://ui.adsabs.harvard.edu/abs/1974ApJ...187..425P},
      adsnote = {Provided by the SAO/NASA Astrophysics Data System},
      journal = {The Astrophysical Journal},
}

@article{Kilbinger_2015,
	doi = {10.1088/0034-4885/78/8/086901},
  
	url = {https://doi.org/10.1088%2F0034-4885%2F78%2F8%2F086901},
  
	year = 2015,
	month = {jul},
  
	publisher = {{IOP} Publishing},
  
	volume = {78},
  
	number = {8},
  
	pages = {086901},
  
	author = {Martin Kilbinger},
  
	title = {Cosmology with cosmic shear observations: a review},
  
	journal = {Reports on Progress in Physics}
}

@ARTICLE{2004A&A...416..853D,
       author = {{Dolag}, K. and {Bartelmann}, M. and {Perrotta}, F. and {Baccigalupi}, C. and {Moscardini}, L. and {Meneghetti}, M. and {Tormen}, G.},
        title = "{Numerical study of halo concentrations in dark-energy cosmologies}",
     keywords = {galaxies: clusters: general, galaxies: halos, cosmology: theory, Astrophysics},
         year = 2004,
        month = mar,
       volume = {416},
        pages = {853-864},
          doi = {10.1051/0004-6361:20031757},
archivePrefix = {arXiv},
       eprint = {astro-ph/0309771},
 primaryClass = {astro-ph},
       adsurl = {https://ui.adsabs.harvard.edu/abs/2004A&A...416..853D},
       	journal = {Astronomy \& Astrophysics},
      adsnote = {Provided by the SAO/NASA Astrophysics Data System}
}



@article{Nakamura_1997,
	doi = {10.1143/ptp.97.49},
  
	url = {https://doi.org/10.1143%2Fptp.97.49},
  
	year = 1997,
	month = {jan},
  
	publisher = {Oxford University Press ({OUP})},
  
	volume = {97},
  
	number = {1},
  
	pages = {49--81},
  
	author = {T. T. Nakamura and Y. Suto},
  
	title = {Strong Gravitational Lensing and Velocity Function as Tools to Probe Cosmological Parameters: Current Constraints and Future Predictions},
  
	journal = {Progress of Theoretical Physics}
}

@article{Navarro_1997,
doi = {10.1086/304888},
url = {https://dx.doi.org/10.1086/304888},
year = {1997},
month = {dec},
publisher = {},
volume = {490},
number = {2},
pages = {493},
author = {Julio F. Navarro and Carlos S. Frenk and Simon D. M. White},
title = {A Universal Density Profile from Hierarchical Clustering},
journal = {The Astrophysical Journal},
abstract = {We use high-resolution N-body simulations to study the equilibrium density profiles of dark matter halos in hierarchically clustering universes. We find that all such profiles have the same shape, independent of the halo mass, the initial density fluctuation spectrum, and the values of the cosmological parameters. Spherically averaged equilibrium profiles are well fitted over two decades in radius by a simple formula originally proposed to describe the structure of galaxy clusters in a cold dark matter universe. In any particular cosmology, the two scale parameters of the fit, the halo mass and its characteristic density, are strongly correlated. Low-mass halos are significantly denser than more massive systems, a correlation that reflects the higher collapse redshift of small halos. The characteristic density of an equilibrium halo is proportional to the density of the universe at the time it was assembled. A suitable definition of this assembly time allows the same proportionality constant to be used for all the cosmologies that we have tested. We compare our results with previous work on halo density profiles and show that there is good agreement. We also provide a step-by-step analytic procedure, based on the Press-Schechter formalism, that allows accurate equilibrium profiles to be calculated as a function of mass in any hierarchical model.}
}

@article{Mead_2016,
	doi = {10.1093/mnras/stw2312},
  
	url = {https://doi.org/10.1093%2Fmnras%2Fstw2312},
  
	year = 2016,
	month = {sep},
  
	publisher = {Oxford University Press ({OUP})},
  
	volume = {464},
  
	number = {2},
  
	pages = {1282--1293},
  
	author = {A. J. Mead},
  
	title = {Spherical collapse, formation hysteresis and the deeply non-linear cosmological power spectrum},
  
	journal = {Monthly Notices of the Royal Astronomical Society}
}

@misc{euclidPhotoTanidis,
      title={Euclid preparation. TBD. The effect of linear redshift-space distortions in photometric galaxy clustering and its cross-correlation with cosmic shear}, 
      author={Euclid Collaboration and K. Tanidis and others},
      year={2023},
      eprint={2309.00052},
      archivePrefix={arXiv},
      primaryClass={astro-ph.CO}
}

@article{Villaescusa_Navarro_2014,
	doi = {10.1088/1475-7516/2014/03/011},
  
	url = {https://doi.org/10.1088%2F1475-7516%2F2014%2F03%2F011},
  
	year = 2014,
	month = {mar},
  
	publisher = {{IOP} Publishing},
  
	volume = {2014},
  
	number = {03},
  
	pages = {011--011},
  
	author = {Francisco Villaescusa-Navarro and Federico Marulli and Matteo Viel and Enzo Branchini and Emanuele Castorina and Emiliano Sefusatti and Shun Saito},
  
	title = {Cosmology with massive neutrinos I: towards a realistic modeling of the relation between matter, haloes and galaxies},
  
	journal = {Journal of Cosmology and Astroparticle Physics}
}

@article{Sartoris:2015aga,
    author = "Sartoris, B. and others",
    title = "{Next Generation Cosmology: Constraints from the Euclid Galaxy Cluster Survey}",
    eprint = "1505.02165",
    archivePrefix = "arXiv",
    primaryClass = "astro-ph.CO",
    doi = "10.1093/mnras/stw630",
    journal = "Mon. Not. Roy. Astron. Soc.",
    volume = "459",
    number = "2",
    pages = "1764--1780",
    year = "2016"
}

@misc{casas2023euclid,
      title={Euclid: Validation of the MontePython forecasting tools}, 
      author="{Euclid Collaboration: Blanchard}, A. and others",
      year={2023},
      eprint={2303.09451},
      archivePrefix={arXiv},
      primaryClass={astro-ph.CO}
}

@article{Carron:2012pw,
    author = "Carron, Julien",
    title = "{On the assumption of Gaussianity for cosmological two-point statistics and parameter dependent covariance matrices}",
    eprint = "1204.4724",
    archivePrefix = "arXiv",
    primaryClass = "astro-ph.CO",
    doi = "10.1051/0004-6361/201220538",
    journal = "Astron. Astrophys.",
    volume = "551",
    pages = "A88",
    year = "2013"
}

@ARTICLE{2020SciPy-NMeth,
  author  = {Virtanen, Pauli and Gommers, Ralf and Oliphant, Travis E. and
            Haberland, Matt and Reddy, Tyler and Cournapeau, David and
            Burovski, Evgeni and Peterson, Pearu and Weckesser, Warren and
            Bright, Jonathan and {van der Walt}, St{\'e}fan J. and
            Brett, Matthew and Wilson, Joshua and Millman, K. Jarrod and
            Mayorov, Nikolay and Nelson, Andrew R. J. and Jones, Eric and
            Kern, Robert and Larson, Eric and Carey, C J and
            Polat, {\.I}lhan and Feng, Yu and Moore, Eric W. and
            {VanderPlas}, Jake and Laxalde, Denis and Perktold, Josef and
            Cimrman, Robert and Henriksen, Ian and Quintero, E. A. and
            Harris, Charles R. and Archibald, Anne M. and
            Ribeiro, Ant{\^o}nio H. and Pedregosa, Fabian and
            {van Mulbregt}, Paul and {SciPy 1.0 Contributors}},
  title   = {{{SciPy} 1.0: Fundamental Algorithms for Scientific
            Computing in Python}},
  journal = {Nature Methods},
  year    = {2020},
  volume  = {17},
  pages   = {261--272},
  adsurl  = {https://rdcu.be/b08Wh},
  doi     = {10.1038/s41592-019-0686-2},
}

@article{Camera:2016owj,
    author = "Camera, Stefano and Harrison, Ian and Bonaldi, Anna and Brown, Michael L.",
    title = "{SKA weak lensing \textendash{} III. Added value of multiwavelength synergies for the mitigation of systematics}",
    eprint = "1606.03451",
    archivePrefix = "arXiv",
    primaryClass = "astro-ph.CO",
    doi = "10.1093/mnras/stw2688",
    journal = "Mon. Not. Roy. Astron. Soc.",
    volume = "464",
    number = "4",
    pages = "4747--4760",
    year = "2017"
}

@article{Euclid:2022oea,
    author = "Naidoo, K. and others",
    collaboration = "Euclid",
    title = "{Euclid: Calibrating photometric redshifts with spectroscopic cross-correlations}",
    eprint = "2208.10503",
    archivePrefix = "arXiv",
    primaryClass = "astro-ph.CO",
    month = "8",
    year = "2022"
}

@article{vandenBusch:2020lur,
    author = "van den Busch, J. L. and Hildebrandt, H. and Wright, A. H. and Morrison, C. B. and Blake, C. and Joachimi, B. and Erben, T. and Heymans, C. and Kuijken, K. and Taylor, E. N.",
    title = "{Testing KiDS cross-correlation redshifts with simulations}",
    eprint = "2007.01846",
    archivePrefix = "arXiv",
    primaryClass = "astro-ph.CO",
    doi = "10.1051/0004-6361/202038835",
    journal = "Astron. Astrophys.",
    volume = "642",
    pages = "A200",
    year = "2020"
}

@article{Euclid:2019clj,
    author = "{Euclid Collaboration: Blanchard}, A. and others",
    collaboration = "Euclid",
    title = "{Euclid preparation: VII. Forecast validation for Euclid cosmological probes}",
    eprint = "1910.09273",
    archivePrefix = "arXiv",
    primaryClass = "astro-ph.CO",
    doi = "10.1051/0004-6361/202038071",
    journal = "Astron. Astrophys.",
    volume = "642",
    pages = "A191",
    year = "2020"
}

@article{Audren:2012vy,
    author = "Audren, Benjamin and Lesgourgues, Julien and Bird, Simeon and Haehnelt, Martin G. and Viel, Matteo",
    title = "{Neutrino masses and cosmological parameters from a Euclid-like survey: Markov Chain Monte Carlo forecasts including theoretical errors}",
    eprint = "1210.2194",
    archivePrefix = "arXiv",
    primaryClass = "astro-ph.CO",
    reportNumber = "CERN-PH-TH-2012-261, LAPTH-046-12",
    doi = "10.1088/1475-7516/2013/01/026",
    journal = "JCAP",
    volume = "01",
    pages = "026",
    year = "2013"
}

@article{Amon:2022azi,
    author = "Amon, Alexandra and Efstathiou, George",
    title = "{A non-linear solution to the $S_8$ tension?}",
    eprint = "2206.11794",
    archivePrefix = "arXiv",
    primaryClass = "astro-ph.CO",
    doi = "10.1093/mnras/stac2429",
    month = "6",
    year = "2022"
}

@article{DES:2021bvc,
    author = "Amon, A. and others",
    collaboration = "DES",
    title = "{Dark Energy Survey Year 3 results: Cosmology from cosmic shear and robustness to data calibration}",
    eprint = "2105.13543",
    archivePrefix = "arXiv",
    primaryClass = "astro-ph.CO",
    reportNumber = "FERMILAB-PUB-21-250-AE, DES-2019-0479",
    doi = "10.1103/PhysRevD.105.023514",
    journal = "Phys. Rev. D",
    volume = "105",
    number = "2",
    pages = "023514",
    year = "2022"
}

@article{DES:2021vln,
    author = "Secco, L. F. and others",
    collaboration = "DES",
    title = "{Dark Energy Survey Year 3 results: Cosmology from cosmic shear and robustness to modeling uncertainty}",
    eprint = "2105.13544",
    archivePrefix = "arXiv",
    primaryClass = "astro-ph.CO",
    reportNumber = "FERMILAB-PUB-21-253-AE, DES-2019-0480",
    doi = "10.1103/PhysRevD.105.023515",
    journal = "Phys. Rev. D",
    volume = "105",
    number = "2",
    pages = "023515",
    year = "2022"
}

@article{deSalas:2021aeh,
    author = "de Salas, Pablo F. and Gariazzo, Stefano and Mart\'\i{}nez-Mirav\'e, Pablo and Pastor, Sergio and T\'ortola, Mariam",
    title = "{Cosmological radiation density with non-standard neutrino-electron interactions}",
    eprint = "2105.08168",
    archivePrefix = "arXiv",
    primaryClass = "hep-ph",
    doi = "10.1016/j.physletb.2021.136508",
    journal = "Phys. Lett. B",
    volume = "820",
    pages = "136508",
    year = "2021"
}

@article{Feldman_1994,
	doi = {10.1086/174036},
  
	url = {https://doi.org/10.1086%2F174036},
  
	year = 1994,
	month = {may},
  
	publisher = {American Astronomical Society},
  
	volume = {426},
  
	pages = {23},
  
	author = {Hume A. Feldman and Nick Kaiser and John A. Peacock},
  
	title = {Power-spectrum analysis of three-dimensional redshift surveys},
  
	journal = {The Astrophysical Journal}
}

@article{PhysRevD.82.049901,
  title = {Erratum: Intrinsic alignment-lensing interference as a contaminant of cosmic shear [Phys. Rev. D 70, 063526 (2004)]},
  author = {Hirata, Christopher M. and Seljak, Uro\ifmmode \check{s}\else \v{s}\fi{}},
  journal = {Phys. Rev. D},
  volume = {82},
  issue = {4},
  pages = {049901},
  numpages = {1},
  year = {2010},
  month = {Aug},
  publisher = {American Physical Society},
  doi = {10.1103/PhysRevD.82.049901},
  url = {https://link.aps.org/doi/10.1103/PhysRevD.82.049901}
}


@article{Lesgourgues:2011rg,
    author = "Lesgourgues, Julien",
    title = "{The Cosmic Linear Anisotropy Solving System (CLASS) III: Comparision with CAMB for LambdaCDM}",
    eprint = "1104.2934",
    archivePrefix = "arXiv",
    primaryClass = "astro-ph.CO",
    reportNumber = "CERN-PH-TH-2011-083, LAPTH-011-11",
    month = "4",
    year = "2011"
}

@article{Lesgourgues:2011re,
    author = "Lesgourgues, Julien",
    title = "{The Cosmic Linear Anisotropy Solving System (CLASS) I: Overview}",
    eprint = "1104.2932",
    archivePrefix = "arXiv",
    primaryClass = "astro-ph.IM",
    month = "4",
    year = "2011"
}

@article{Blas:2011rf,
    author = "Blas, Diego and Lesgourgues, Julien and Tram, Thomas",
    title = "{The Cosmic Linear Anisotropy Solving System (CLASS) II: Approximation schemes}",
    eprint = "1104.2933",
    archivePrefix = "arXiv",
    primaryClass = "astro-ph.CO",
    reportNumber = "CERN-PH-TH-2011-082, LAPTH-010-11",
    doi = "10.1088/1475-7516/2011/07/034",
    journal = "JCAP",
    volume = "07",
    pages = "034",
    year = "2011"
}

@article{Audren:2012wb,
    author = "Audren, Benjamin and Lesgourgues, Julien and Benabed, Karim and Prunet, Simon",
    title = "{Conservative Constraints on Early Cosmology: an illustration of the Monte Python cosmological parameter inference code}",
    eprint = "1210.7183",
    archivePrefix = "arXiv",
    primaryClass = "astro-ph.CO",
    reportNumber = "CERN-PH-TH-2012-290, LAPTH-048-12",
    doi = "10.1088/1475-7516/2013/02/001",
    journal = "JCAP",
    volume = "02",
    pages = "001",
    year = "2013"
}

@article{Brinckmann:2018cvx,
    author = "Brinckmann, Thejs and Lesgourgues, Julien",
    title = "{MontePython 3: boosted MCMC sampler and other features}",
    eprint = "1804.07261",
    archivePrefix = "arXiv",
    primaryClass = "astro-ph.CO",
    reportNumber = "TTK-18-15",
    doi = "10.1016/j.dark.2018.100260",
    journal = "Phys. Dark Univ.",
    volume = "24",
    pages = "100260",
    year = "2019"
}


@article{Froustey:2020mcq,
    author = "Froustey, Julien and Pitrou, Cyril and Volpe, Maria Cristina",
    title = "{Neutrino decoupling including flavour oscillations and primordial nucleosynthesis}",
    eprint = "2008.01074",
    archivePrefix = "arXiv",
    primaryClass = "hep-ph",
    doi = "10.1088/1475-7516/2020/12/015",
    journal = "JCAP",
    volume = "12",
    pages = "015",
    year = "2020"
}

@article{Bennett:2020zkv,
    author = "Bennett, Jack J. and Buldgen, Gilles and De Salas, Pablo F. and Drewes, Marco and Gariazzo, Stefano and Pastor, Sergio and Wong, Yvonne Y. Y.",
    title = "{Towards a precision calculation of $N_{\rm eff}$ in the Standard Model II: Neutrino decoupling in the presence of flavour oscillations and finite-temperature QED}",
    eprint = "2012.02726",
    archivePrefix = "arXiv",
    primaryClass = "hep-ph",
    reportNumber = "CPPC-2020-10",
    doi = "10.1088/1475-7516/2021/04/073",
    journal = "JCAP",
    volume = "04",
    pages = "073",
    year = "2021"
}

@article{Eisenstein:1997ik,
    author = "Eisenstein, Daniel J. and Hu, Wayne",
    title = "{Baryonic features in the matter transfer function}",
    eprint = "astro-ph/9709112",
    archivePrefix = "arXiv",
    reportNumber = "IASSNS-AST-97-51",
    doi = "10.1086/305424",
    journal = "Astrophys. J.",
    volume = "496",
    pages = "605",
    year = "1998"
}

@article{Boyle:2017lzt,
    author = "Boyle, Aoife and Komatsu, Eiichiro",
    title = "{Deconstructing the neutrino mass constraint from galaxy redshift surveys}",
    eprint = "1712.01857",
    archivePrefix = "arXiv",
    primaryClass = "astro-ph.CO",
    doi = "10.1088/1475-7516/2018/03/035",
    journal = "JCAP",
    volume = "03",
    pages = "035",
    year = "2018"
}

@article{Kaiser:1987qv,
    author = "Kaiser, N.",
    title = "{Clustering in real space and in redshift space}",
    journal = "MNRAS",
    volume = "227",
    pages = "1--27",
    year = "1987"
}

@article{Euclid:2020rfv,
    author = "{Euclid Collaboration: Knabenhans}, M. and others",
    collaboration = "Euclid",
    title = "{Euclid preparation: IX. EuclidEmulator2 \textendash{} power spectrum emulation with massive neutrinos and self-consistent dark energy perturbations}",
    eprint = "2010.11288",
    archivePrefix = "arXiv",
    primaryClass = "astro-ph.CO",
    doi = "10.1093/mnras/stab1366",
    journal = "MNRAS",
    volume = "505",
    number = "2",
    pages = "2840--2869",
    year = "2021"
}

@article{Angulo:2020vky,
    author = {Angulo, Raul E. and Zennaro, Matteo and Contreras, Sergio and Aric\`o, Giovanni and Pellejero-Iba\~nez, Marcos and St\"ucker, Jens},
    title = "{The BACCO simulation project: exploiting the full power of large-scale structure for cosmology}",
    eprint = "2004.06245",
    archivePrefix = "arXiv",
    primaryClass = "astro-ph.CO",
    doi = "10.1093/mnras/stab2018",
    journal = "MNRAS",
    volume = "507",
    number = "4",
    pages = "5869--5881",
    year = "2021"
}

@article{Parimbelli:2022pmr,
    author = "Parimbelli, G. and Carbone, C. and Bel, J. and Bose, B. and Calabrese, M. and Carella, E. and Zennaro, M.",
    title = "{DEMNUni: comparing nonlinear power spectra prescriptions in the presence of massive neutrinos and dynamical dark energy}",
    eprint = "2207.13677",
    archivePrefix = "arXiv",
    primaryClass = "astro-ph.CO",
    doi = "10.1088/1475-7516/2022/11/041",
    journal = "JCAP",
    volume = "11",
    pages = "041",
    year = "2022"
}

@article{Basse:2013zua,
    author = "Basse, Tobias and Bjaelde, Ole Eggers and Hamann, Jan and Hannestad, Steen and Wong, Yvonne Y. Y.",
    title = "{Dark energy properties from large future galaxy surveys}",
    eprint = "1304.2321",
    archivePrefix = "arXiv",
    primaryClass = "astro-ph.CO",
    doi = "10.1088/1475-7516/2014/05/021",
    journal = "JCAP",
    volume = "05",
    pages = "021",
    year = "2014"
}

@article{Cerbolini:2013uya,
    author = "Cerbolini, M. Costanzi Alunno and Sartoris, B. and Xia, Jun-Qing and Biviano, A. and Borgani, S. and Viel, M.",
    title = "{Constraining neutrino properties with a Euclid-like galaxy cluster survey}",
    eprint = "1303.4550",
    archivePrefix = "arXiv",
    primaryClass = "astro-ph.CO",
    doi = "10.1088/1475-7516/2013/06/020",
    journal = "JCAP",
    volume = "06",
    pages = "020",
    year = "2013"
}

@article{Archidiacono:2020dvx,
    author = "Archidiacono, Maria and Hannestad, Steen and Lesgourgues, Julien",
    title = "{What will it take to measure individual neutrino mass states using cosmology?}",
    eprint = "2003.03354",
    archivePrefix = "arXiv",
    primaryClass = "astro-ph.CO",
    reportNumber = "TTK-20-05",
    doi = "10.1088/1475-7516/2020/09/021",
    journal = "JCAP",
    volume = "09",
    pages = "021",
    year = "2020"
}

@article{Archidiacono:2016lnv,
    author = "Archidiacono, Maria and Brinckmann, Thejs and Lesgourgues, Julien and Poulin, Vivian",
    title = "{Physical effects involved in the measurements of neutrino masses with future cosmological data}",
    eprint = "1610.09852",
    archivePrefix = "arXiv",
    primaryClass = "astro-ph.CO",
    reportNumber = "TTK-16-44, LAPTH-062-16",
    doi = "10.1088/1475-7516/2017/02/052",
    journal = "JCAP",
    volume = "02",
    pages = "052",
    year = "2017"
}

@book{Lesgourgues:2013sjj,
    author = "Lesgourgues, Julien and Mangano, Gianpiero and Miele, Gennaro and Pastor, Sergio",
    title = "{Neutrino Cosmology}",
    isbn = "978-1-108-70501-1, 978-1-139-60341-6",
    publisher = "Cambridge University Press",
    month = "2",
    year = "2013"
}

@article{Lattanzi:2017ubx,
    author = "Lattanzi, Massimiliano and Gerbino, Martina",
    title = "{Status of neutrino properties and future prospects - Cosmological and astrophysical constraints}",
    eprint = "1712.07109",
    archivePrefix = "arXiv",
    primaryClass = "astro-ph.CO",
    doi = "10.3389/fphy.2017.00070",
    journal = "Front. in Phys.",
    volume = "5",
    pages = "70",
    year = "2018"
}

@article{Hannestad:2006zg,
    author = "Hannestad, Steen",
    title = "{Primordial neutrinos}",
    eprint = "hep-ph/0602058",
    archivePrefix = "arXiv",
    doi = "10.1146/annurev.nucl.56.080805.140548",
    journal = "Ann. Rev. Nucl. Part. Sci.",
    volume = "56",
    pages = "137--161",
    year = "2006"
}

@article{Hu:1997mj,
    author = "Hu, Wayne and Eisenstein, Daniel J. and Tegmark, Max",
    title = "{Weighing neutrinos with galaxy surveys}",
    eprint = "astro-ph/9712057",
    archivePrefix = "arXiv",
    reportNumber = "IASSNS-AST-97-73",
    doi = "10.1103/PhysRevLett.80.5255",
    journal = "Phys. Rev. Lett.",
    volume = "80",
    pages = "5255--5258",
    year = "1998"
}

@article{Bond:1980ha,
    author = "Bond, J. R. and Efstathiou, G. and Silk, J.",
    editor = "Srednicki, M. A.",
    title = "{Massive Neutrinos and the Large Scale Structure of the Universe}",
    doi = "10.1103/PhysRevLett.45.1980",
    journal = "Phys. Rev. Lett.",
    volume = "45",
    pages = "1980--1984",
    year = "1980"
}

@article{Wagner:2012sw,
    author = "Wagner, Christian and Verde, Licia and Jimenez, Raul",
    title = "{Effects of the neutrino mass splitting on the non-linear matter power spectrum}",
    eprint = "1203.5342",
    archivePrefix = "arXiv",
    primaryClass = "astro-ph.CO",
    doi = "10.1088/2041-8205/752/2/L31",
    journal = "Astrophys. J. Lett.",
    volume = "752",
    pages = "L31",
    year = "2012"
}

@article{Pritchard:2008wy,
    author = "Pritchard, Jonathan R. and Pierpaoli, Elena",
    title = "{Constraining massive neutrinos using cosmological 21 cm observations}",
    eprint = "0805.1920",
    archivePrefix = "arXiv",
    primaryClass = "astro-ph",
    doi = "10.1103/PhysRevD.78.065009",
    journal = "Phys. Rev. D",
    volume = "78",
    pages = "065009",
    year = "2008"
}

@article{Cielo:2023bqp,
    author = "Cielo, Mattia and Escudero, Miguel and Mangano, Gianpiero and Pisanti, Ofelia",
    title = "{Neff in the Standard Model at NLO is 3.043}",
    eprint = "2306.05460",
    archivePrefix = "arXiv",
    primaryClass = "hep-ph",
    reportNumber = "CERN-TH-2023-103",
    month = "6",
    year = "2023"
}

@article{Wang:2012bx,
    author = "Wang, Yun and Chuang, Chia-Hsun and Hirata, Christopher M.",
    title = "{Toward More Realistic Forecasting of Dark Energy Constraints from Galaxy Redshift Surveys}",
    eprint = "1211.0532",
    archivePrefix = "arXiv",
    primaryClass = "astro-ph.CO",
    doi = "10.1093/mnras/stt068",
    journal = "MNRAS",
    volume = "430",
    pages = "2446",
    year = "2013"
}

@article{Hou:2011ec,
    author = "Hou, Zhen and Keisler, Ryan and Knox, Lloyd and Millea, Marius and Reichardt, Christian",
    title = "{How Massless Neutrinos Affect the Cosmic Microwave Background Damping Tail}",
    eprint = "1104.2333",
    archivePrefix = "arXiv",
    primaryClass = "astro-ph.CO",
    doi = "10.1103/PhysRevD.87.083008",
    journal = "Phys. Rev. D",
    volume = "87",
    pages = "083008",
    year = "2013"
}

@article{ParticleDataGroup:2022pth,
    author = "Lesgourgues, J. and Verde, L.",
    collaboration = "Particle Data Group",
    title = "{Review of Particle Physics}",
    doi = "10.1093/ptep/ptac097",
    journal = "Review on {\it Neutrinos in cosmology} of the RPP,  PTEP",
    volume = "2022",
    pages = "083C01",
    year = "2022"
}

@article{Baumann:2019keh,
    author = "Baumann, Daniel and Beutler, Florian and Flauger, Raphael and Green, Daniel and Slosar, An\v{z}e and Vargas-Maga\~na, Mariana and Wallisch, Benjamin and Y\`eche, Christophe",
    title = "{First constraint on the neutrino-induced phase shift in the spectrum of baryon acoustic oscillations}",
    eprint = "1803.10741",
    archivePrefix = "arXiv",
    primaryClass = "astro-ph.CO",
    doi = "10.1038/s41567-019-0435-6",
    journal = "Nature Phys.",
    volume = "15",
    pages = "465--469",
    year = "2019"
}

@article{Mele:2015etc,
    author = "Mele, Salvatore",
    title = "{The Measurement of the Number of Light Neutrino Species at LEP}",
    doi = "10.1142/9789814644150_0004",
    journal = "Adv. Ser. Direct. High Energy Phys.",
    volume = "23",
    pages = "89--106",
    year = "2015"
}

@article{CMB-S4:2016ple,
    author = "Abazajian, Kevork N. and others",
    collaboration = "CMB-S4",
    title = "{CMB-S4 Science Book, First Edition}",
    eprint = "1610.02743",
    archivePrefix = "arXiv",
    primaryClass = "astro-ph.CO",
    reportNumber = "FERMILAB-FN-1024-A-AE",
    month = "10",
    year = "2016"
}

@article{eBOSS:2020yzd,
    author = "Alam, Shadab and others",
    collaboration = "eBOSS",
    title = "{Completed SDSS-IV extended Baryon Oscillation Spectroscopic Survey: Cosmological implications from two decades of spectroscopic surveys at the Apache Point Observatory}",
    eprint = "2007.08991",
    archivePrefix = "arXiv",
    primaryClass = "astro-ph.CO",
    doi = "10.1103/PhysRevD.103.083533",
    journal = "Phys. Rev. D",
    volume = "103",
    number = "8",
    pages = "083533",
    year = "2021"
}